@article{echavarria2011target,
  title={The Target of the Central Bank and Inflation Persistence in Colombia},
  author={Echavarr{\'\i}a, Juan Jos{\'e} and Rodr{\'\i}guez, Norberto and Rojas, Luis Eduardo},
  journal={Ensayos sobre POL{\'I}TICA ECON{\'O}MICA},
  volume={29},
  number={65},
  pages={198--222},
  year={2011},
  publisher={Banco de la Rep{\'u}blica}
}